@electronic{Intro:pebble,
    title = "Pebble: E-Paper Watch for iPhone and Android",
    url   = "https://www.kickstarter.com/projects/597507018/pebble-e-paper-watch-for-iphone-and-android",
    month = may,
    year  = "2015"
};

@electronic{Intro:googleapi,
    title = "Google Fit",
    url   = "https://developers.google.com/fit/",
    month = may,
    year  = "2015"
};

@electronic{Intro:appleapi,
    title = "Health. An entirely new way to use your health and fitness information",
    url   = "https://www.apple.com/ios/whats-new/health/",
    month = may,
    year  = "2015"
};

@electronic{Intro:strava,
    title = "Running and Cycling GPS Tracker, Performance Analytics, Maps, Clubs and Competition | Strava",
    url = "https://www.strava.com/",
    month = may,
    year = "2015"
};

@electronic{Intro:sleeptracker,
    author = "Urbandroid Team",
    title = "Sleep as Android", 
    url = "https://play.google.com/store/apps/details?id=com.urbandroid.sleep",
    month = may,
    year = "2015"
};

@electronic{Intro:olympics,
    title = "Weightlifting",
    url = "http://www.olympic.org/weightlifting",
    month = may,
    year = "2015"
};


%% Lit review 

@inproceedings{recofit,
 author = {Morris, Dan and Saponas, T. Scott and Guillory, Andrew and Kelner, Ilya},
 title = {RecoFit: Using a Wearable Sensor to Find, Recognize, and Count Repetitive Exercises},
 booktitle = {Proceedings of the SIGCHI Conference on Human Factors in Computing Systems},
 series = {CHI '14},
 year = {2014},
 isbn = {978-1-4503-2473-1},
 location = {Toronto, Ontario, Canada},
 pages = {3225--3234},
 numpages = {10},
 url = {http://doi.acm.org/10.1145/2556288.2557116},
 doi = {10.1145/2556288.2557116},
 acmid = {2557116},
 publisher = {ACM},
 address = {New York, NY, USA},
 keywords = {fitness, inertial sensors, machine learning},
};

@electronic{lit:applewatch,
    author = "Philip Elmer-DeWitt",
    title = "How many Apple Watches were sold worldwide last weekend?",
    url = "http://fortune.com/2015/04/13/how-many-apple-watches-were-sold-worldwide-on-friday/",
    month = april,
    year = "2015"
};

@electronic{lit:androidwear,
    author = "Derek Kessler",
    title = "More than 720,000 Android Wear devices were shipped in 2014, led by the Moto 360",
    url = "http://www.androidcentral.com/more-720000-android-wear-devices-were-sold-2014-lead-moto-360",
    month = feb,
    year = "2015"
};

@article{dtw,
 author = {Pernek, Igor and Hummel, Karin Anna and Kokol, Peter},
 title = {Exercise Repetition Detection for Resistance Training Based on Smartphones},
 journal = {Personal Ubiquitous Comput.},
 issue_date = {April     2013},
 volume = {17},
 number = {4},
 month = apr,
 year = {2013},
 issn = {1617-4909},
 pages = {771--782},
 numpages = {12},
 url = {http://dx.doi.org/10.1007/s00779-012-0626-y},
 doi = {10.1007/s00779-012-0626-y},
 acmid = {2458805},
 publisher = {Springer-Verlag},
 address = {London, UK, UK},
 keywords = {Accelerometer, Resistance training, Smartphone, Wearable systems},
};

@inproceedings{seeger,
 author = {Seeger, Christian and Buchmann, Alejandro and Van Laerhoven, Kristof},
 title = {myHealthAssistant: A Phone-based Body Sensor Network That Captures the Wearer's Exercises Throughout the Day},
 booktitle = {Proceedings of the 6th International Conference on Body Area Networks},
 series = {BodyNets '11},
 year = {2011},
 isbn = {978-1-936968-29-9},
 location = {Beijing, China},
 pages = {1--7},
 numpages = {7},
 url = {http://dl.acm.org/citation.cfm?id=2318776.2318778},
 acmid = {2318778},
 publisher = {ICST (Institute for Computer Sciences, Social-Informatics and Telecommunications Engineering)},
 address = {ICST, Brussels, Belgium, Belgium},
};

@inproceedings{muehlbauer,
 author = {Muehlbauer, Michael and Bahle, Gernot and Lukowicz, Paul},
 title = {What Can an Arm Holster Worn Smart Phone Do for Activity Recognition?},
 booktitle = {Proceedings of the 2011 15th Annual International Symposium on Wearable Computers},
 series = {ISWC '11},
 year = {2011},
 isbn = {978-0-7695-4438-0},
 pages = {79--82},
 numpages = {4},
 url = {http://dx.doi.org/10.1109/ISWC.2011.23},
 doi = {10.1109/ISWC.2011.23},
 acmid = {2015321},
 publisher = {IEEE Computer Society},
 address = {Washington, DC, USA},
 keywords = {mobile phones, activity recognition, arm holster, gym exercises},
};
